@article{Blaikie.2014,
 author = {Blaikie, T. N. and Ailleres, L. and Betts, P. G. and Cas, R. A. F.},
 year = {2014},
 title = {Interpreting subsurface volcanic structures using geologically constrained 3--D gravity inversions: Examples of maar--diatremes, Newer Volcanics Province, southeastern Australia},
 pages = {3857--3878},
 volume = {119},
 number = {4},
 issn = {2169-9313},
 journal = {Journal of Geophysical Research: Solid Earth},
 doi = {10.1002/2013JB010751}
}


@book{DanielSchneider.2017,
 author = {{Daniel Schneider}},
 year = {2017},
 title = {Oberfl{\"a}chennahe Reflexionsseismik {\"u}ber einem Diatrem am Rockeskyller Kopf: Bachelorarbeit},
 address = {Bochum},
 institution = {Ruhr-Universit{\"a}t-Bochum},
 file = {2017_Schneider_BSc:C\:\\Users\\azieg\\OneDrive - Delft University of Technology\\Dokumente\\Citavi 6\\Projects\\MSc\\Citavi Attachments\\2017_Schneider_BSc.pdf:pdf}
}


@book{HannahMues.2013,
 author = {{Hannah Mues}},
 year = {2013},
 title = {Weiterf{\"u}hrende magnetische Kartierung zur Ortung des Phonolith-Diatrems bei Rockeskyll, Westeifel: Bachelorarbeit},
 address = {Bochum},
 institution = {Ruhr-Universit{\"a}t-Bochum},
 file = {2013_Mues_BSc:C\:\\Users\\azieg\\OneDrive - Delft University of Technology\\Dokumente\\Citavi 6\\Projects\\MSc\\Citavi Attachments\\2013_Mues_BSc.pdf:pdf}
}


@book{MarcBoxberg.2011,
 author = {{Marc Boxberg}},
 year = {2011},
 title = {Magnetische Kartierung zur Bestimmung der Lage des Phonolith Diatrems bei Rockeskyll, Westeifel: Bachelorarbeit},
 address = {Bochum},
 institution = {Ruhr-Universit{\"a}t-Bochum},
 file = {2011_Boxberg_BSc:C\:\\Users\\azieg\\OneDrive - Delft University of Technology\\Dokumente\\Citavi 6\\Projects\\MSc\\Citavi Attachments\\2011_Boxberg_BSc.pdf:pdf}
}


@book{MaximilianEilhard.2009,
 author = {{Maximilian Eilhard}},
 year = {2009},
 title = {Die Entstehung und F{\"o}rderung der Ausw{\"u}rflinge des Kyller Kopfes: Sanidinite: Bachelorarbeit},
 address = {Bochum},
 institution = {Ruhr-Universit{\"a}t-Bochum}
}


@book{NadineHauburg.2016,
 author = {{Nadine Hauburg}},
 year = {2016},
 title = {3D-refraktionstomographische Untersuchung eines vulkanischen Diatrems am Rockeskyller Kopf: Masterarbeit},
 address = {Bochum},
 institution = {Ruhr-Universit{\"a}t-Bochum},
 file = {2016_Hauburg_MSc:C\:\\Users\\azieg\\OneDrive - Delft University of Technology\\Dokumente\\Citavi 6\\Projects\\MSc\\Citavi Attachments\\2016_Hauburg_MSc.pdf:pdf}
}


@book{NicoleEilhard.2018,
 author = {{Nicole Eilhard}},
 year = {2018},
 title = {Genese der Sanidin-Megakristalle aus den quart{\"a}ren Vulkanfeldern der Eifel, Deutschland: Dissertation},
 address = {Bochum},
 institution = {Ruhr-Universit{\"a}t-Bochum},
 file = {2018_Eilhard_PhD:C\:\\Users\\azieg\\OneDrive - Delft University of Technology\\Dokumente\\Citavi 6\\Projects\\MSc\\Citavi Attachments\\2018_Eilhard_PhD.pdf:pdf}
}


@book{NiklasPlumpe.2015,
 author = {{Niklas Plumpe}},
 year = {2015},
 title = {Geoelektrische Tomographie eines Diatrems am Rockeskyller Kopf und Reinterpretation eines seismischen Profils: Bachelorarbeit},
 address = {Bochum},
 institution = {Ruhr-Universit{\"a}t-Bochum},
 file = {2015_Plumpe_BSc:C\:\\Users\\azieg\\OneDrive - Delft University of Technology\\Dokumente\\Citavi 6\\Projects\\MSc\\Citavi Attachments\\2015_Plumpe_BSc.pdf:pdf}
}


@book{TimGilberti.2020,
 author = {{Tim Gilberti}},
 year = {2020},
 title = {Integration eines aus photogrammetrischen Messungen erstellten Modells der Oberfl{\"a}chentopographie in bestehende Integration eines aus photogrammetrischen Messungen erstellten Modells der Oberfl{\"a}chentopographie in bestehende geophysikalische Modelle eines vulkanischen Diatrems am Rockeskyller Kopf: Bachelorarbeit},
 address = {Bochum},
 institution = {Ruhr-Universit{\"a}t-Bochum},
 file = {2020_Gilberti_BSc:C\:\\Users\\azieg\\OneDrive - Delft University of Technology\\Dokumente\\Citavi 6\\Projects\\MSc\\Citavi Attachments\\2020_Gilberti_BSc.pdf:pdf}
}


@article{white2011maar,
  title={Maar-diatreme volcanoes: a review},
  author={White, James DL and Ross, P-S},
  journal={Journal of Volcanology and Geothermal Research},
  volume={201},
  number={1-4},
  pages={1--29},
  year={2011},
  publisher={Elsevier}
}

@article{hopmann1914spuren,
  title={Spuren eines Phonolithdurchbruches bei Rockeskyll in der Eifel},
  author={Hopmann, PM},
  journal={Zent. Mineral., Stutt.},
  volume={35},
  pages={565},
  year={1914}
}

@book{mertes1983aufbau,
  title={Aufbau und genese des Westeifeler Vulkanfeldes},
  author={Mertes, Hubertus},
  number={9},
  year={1983},
  publisher={Institut f{\"u}r Geologie der Ruhr-Universit{\"a}t-Bochum}
}

@article{Ruecker2017,
  title = {{pyGIMLi}: An open-source library for modelling and inversion in geophysics},
  journal = {Computers and Geosciences},
  volume = {109},
  pages = {106--123},
  year = {2017},
  doi = {10.1016/j.cageo.2017.07.011},
  url = {https://www.sciencedirect.com/science/article/pii/S0098300417300584},
  author = {R\"ucker, C. and G\"unther, T. and Wagner, F. M.}
}

@inproceedings{shewchuk1996triangle,
  title={Triangle: Engineering a 2D quality mesh generator and Delaunay triangulator},
  author={Shewchuk, Jonathan Richard},
  booktitle={Workshop on Applied Computational Geometry},
  pages={203--222},
  year={1996},
  organization={Springer}
}

@book{geldart2004problems,
  title={Problems in exploration seismology and their solutions},
  author={Geldart, Lloyd P and Sheriff, Robert E},
  year={2004},
  publisher={Society of Exploration Geophysicists}
}

@article{palacky1988resistivity,
  title={Resistivity characteristics of geologic targets},
  author={Palacky, GJ},
  journal={Electromagnetic methods in applied geophysics},
  volume={1},
  pages={52--129},
  year={1988},
  publisher={Society of Exploration Geophysicists Tulsa, OK}
}

@article{johnson2015accurate,
  title={Accurate modelling and inversion of electrical resistivity data in the presence of metallic infrastructure with known location and dimension},
  author={Johnson, Timothy C and Wellman, D},
  journal={Geophysical Journal International},
  volume={202},
  number={2},
  pages={1096--1108},
  year={2015},
  publisher={Oxford University Press}
}

@book{kearey2002introduction,
  title={An introduction to geophysical exploration},
  author={Kearey, Philip and Brooks, Michael and Hill, Ian},
  volume={4},
  year={2002},
  publisher={John Wiley \& Sons}
}

@article{rucker20063,
  title={3-d modeling and inversion of DC resistivity data incorporating topography--Part I: Modeling},
  author={R{\"u}cker, C and G{\"u}nther, T and Spitzer, K},
  journal={Geophys. J. Int},
  volume={166},
  number={2},
  pages={495--505},
  year={2006}
}

@article{gunther20063,
  title={3-d modeling and inversion of DC resistivity data incorporating topography-Part II: Inversion},
  author={G{\"u}nther, T and R{\"u}cker, C and Spitzer, K and others},
  journal={Geophys. J. Int},
  volume={166},
  number={2},
  pages={506--517},
  year={2006}
}

@incollection{zelt2021traveltime,
  title={Traveltime tomography using controlled-source seismic data},
  author={Zelt, Colin A},
  booktitle={Encyclopedia of solid earth geophysics},
  pages={1828--1848},
  year={2021},
  publisher={Springer}
}

@article{won1987computing,
  title={Computing the gravitational and magnetic anomalies due to a polygon: Algorithms and Fortran subroutines},
  author={Won, IJ and Bevis, Michael},
  journal={Geophysics},
  volume={52},
  number={2},
  pages={232--238},
  year={1987},
  publisher={Society of Exploration Geophysicists}
}

@online{BGR_grav,
  author = {BGR},
  title = {Gravimetry},
  url = {https://www.bgr.bund.de/EN/Themen/GG_Geophysik/Bodengeophysik/Gravimetrie/gravimetrie_node_en.html},
  urldate = {2023-01-14}
}